@misc{britannicaWeatherForecasting,
    title        = {Weather Forecasting},
    author       = {{Encyclop√¶dia Britannica}},
    year         = {2024},
    howpublished = {\url{https://www.britannica.com/science/weather-forecasting}},
    note         = {Accessed: 2024-11-11}
}
